@article{bertsekas1997nonlinear,
	title={Nonlinear programming},
	author={Bertsekas, Dimitri P},
	journal={Journal of the Operational Research Society},
	volume={48},
	number={3},
	pages={334--334},
	year={1997},
	publisher={Taylor \& Francis}
}


@Inbook{Combettes2009,
	author="Combettes, Patrick L.",
	editor="Floudas, Christodoulos A.
	and Pardalos, Panos M.",
	title="Fej{\'e}r monotonicity in convex optimizationFej{\'e}r Monotonicity in Convex Optimization",
	bookTitle="Encyclopedia of Optimization",
	year="2009",
	publisher="Springer US",
	address="Boston, MA",
	pages="1016--1024",
	abstract="Keywords",
	isbn="978-0-387-74759-0",
	doi="10.1007/978-0-387-74759-0_179",
	url="https://doi.org/10.1007/978-0-387-74759-0_179"
}



@inproceedings{ghadimi2015global,
	title={Global convergence of the heavy-ball method for convex optimization},
	author={Ghadimi, Euhanna and Feyzmahdavian, Hamid Reza and Johansson, Mikael},
	booktitle={2015 European control conference (ECC)},
	pages={310--315},
	year={2015},
	organization={IEEE}
}



@article{lessard2016analysis,
	title={Analysis and design of optimization algorithms via integral quadratic constraints},
	author={Lessard, Laurent and Recht, Benjamin and Packard, Andrew},
	journal={SIAM Journal on Optimization},
	volume={26},
	number={1},
	pages={57--95},
	year={2016},
	publisher={SIAM}
}



@article{polyak1964some,
	title={Some methods of speeding up the convergence of iteration methods},
	author={Polyak, Boris T},
	journal={Ussr computational mathematics and mathematical physics},
	volume={4},
	number={5},
	pages={1--17},
	year={1964},
	publisher={Elsevier}
}


@article{polyak1987introduction,
	title={Introduction to optimization. optimization software},
	author={Polyak, Boris T},
	journal={Inc., Publications Division, New York},
	volume={1},
	pages={32},
	year={1987}
}


@inproceedings{sun2019non,
	title={Non-ergodic convergence analysis of heavy-ball algorithms},
	author={Sun, Tao and Yin, Penghang and Li, Dongsheng and Huang, Chun and Guan, Lei and Jiang, Hao},
	booktitle={Proceedings of the AAAI Conference on Artificial Intelligence},
	volume={33},
	number={01},
	pages={5033--5040},
	year={2019}
}



@article{zavriev1993heavy,
	title={Heavy-ball method in nonconvex optimization problems},
	author={Zavriev, SK and Kostyuk, FV},
	journal={Computational Mathematics and Modeling},
	volume={4},
	number={4},
	pages={336--341},
	year={1993},
	publisher={Springer}
}
